
@article {Cimen2013,
author = {Cimen, Mustafa and Kirkbride, Christopher},
title = {Approximate Dynamic Programming, Algorithms for Multidimensional Inventory Optimization Problems},
journal = {IFAC Proceeding Volumes},
volume = {46},
number = {9},
pages = {2015-2020},
year = {2013},
month = {June},
DOI = {https://doi.org/10.3182/20130619-3-RU-3018.00441},
}

@article {Meiss2018,
author = {Meissner, Joern and Senicheva, Olga V.},
title = {Approximate dynamic programming for lateral transshipment problems in multi-location inventory systems},
journal = {European Journal of Operational research},
volume = {265},
number = {1},
pages = {49-64},
year = {2018},
month = {February},
DOI = {https://doi.org/10.1016/j.ejor.2017.06.049},
}

@article {Rezae2018,
author = {Rezaei, Jafar and Davoodi, Mansoor},
title = {A deterministic, multi-item inventory model with supplier selection and imperfect quality},
journal= {Applied Mathematical Modelling},
volume = {32},
number = {10},
year = {2018},
month = {October},
pages = {2106-2116},
DOI = {https://doi.org/10.1016/j.apm.2007.07.009},
}

@article {Khouj2003,
author = {Khouja, Moutaz},
journal = {Transportation Research Part E: Logistics and Transportation Review},
title = {Optimizing inventory decisions in a multi-stage multi-customer supply chain},
volume = {39},
number = {3},
year = {2003},
month = {May},
pages = {193-208},
DOI = {https://doi.org/10.1016/S1366-5545(02)00036-4}
}

@techreport{Maner2016,
author = {Manerba, Daniele and Mansini, Renata and Riera-Ledesma, Jorge},
title = {The Traveling Purchaser Problem and its Variants},
group = {OR@DII},
year = {2016},
institution = {University of Brescia, Department of Information Engineering},
month = {06},
URL = {https://or-dii.unibs.it/doc/tr/OR@DII-2016-01.pdf}
}

@article{Aissa2007,
author = {Aissaoui, Najla and Haouari, Mohamed and Hassini, Elfaki},
title = {Supplier selection and order lot sizing modelling: A review},
journal = {Computers \& Operations Research},
volume = {34},
number = {12},
year = {2007},
month = {December},
pages = {3516-3540},
DOI = {doi:10.1016/j.cor.2006.01.016},
}

@article{James1999,
author= {James R., Bradley and Bruce C., Arntzen},
journal = {Operations Research},
title = {The Simultaneous Planning of Production, Capacity, and Inventory in Seasonal Demand Environments},
year = {1999},
volume = {47},
number = {6},
pages = {795-980},
month = {December},
DOI = {https://doi.org/10.1287/opre.47.6.795},
}

@article{Khosr2016,
author = {Khosravi, S and Mirmohammadi, S H},
title = {Optimization of a Production Lot Sizing Problem with Quantity Discount},
journal = {International Journal of Optimization in Civil Engineering},
year = {2016},
volume = {6},
number = {2},
pages = {187-209},
URL = {http://ijoce.iust.ac.ir/article-1-245-en.html}, 
}

@article{Vargas2009,
author = {Vargas, Vincente},
title = {An optimal solution for the stochastic version of the Wagnerâ€“Whitin dynamic lot-size model},
journal = {European Journal of Operational Research},
volume = {198},
number = {2},
year = {2009},
month = {October},
pages = {447-451},
DOI = {https://doi.org/10.1016/j.ejor.2008.09.003},
}

@inproceedings{Calle1977,
title = {Purchase quantity discounts in an MRP environment},
author = {Callerman, T and Whybark, D},
crossref = {Midwest1977},
}

@proceedings{Midwest1977,
booktitle= {Proceeding of 8th Annual Midwest Conference},
year = {1977},
}

@article{Basnet2005,
author = {Basnet, Chuda and Leung, Janny M Y},
title = {Inventory lot-sizing with supplier selection},
journal = {Computers \& Operations Research},
volume = {32},
number = {1},
year = {2005},
month = {January},
pages ={1-14},
DOI = {https://doi.org/10.1016/S0305-0548(03)00199-0},
}

@article{Wagner2004,
author= {Wagner, Michael and Smith, Sanne R},
title = {A local search algorithm for the optimization of the stochastic economic lot scheduling problem},
journal = {International Journal of Production Economics},
year = {2004},
Month ={August},
volume ={90},
number ={3},
pages={391-402},
DOI = {https://doi.org/10.1016/S0925-5273(03)00201-9},
}

@article{Papageorgiou2001,
author = {Papageorgiou, Lazaros G and Rotstein, Guillermo E and Shah, Nilay},
title = {Strategic Supply Chain Optimization for the Pharmaceutical Industries},
journal = {Industrial \& Engineering Chemistry Research},
year = {2001},
month = {December},
volume = {40},
number = {1},
pages ={275-286},
DOI = {https://doi.org/10.1021/ie990870t},
}

@article{Mousavi2014,
author = {Mousavi, Seyed Mohsen and Hajipour, Vahid and Niaki, Seyed Taghi Akhavan and Aalikar, Najmeh},
title = {A multi-product multi-period inventory control problem under inflation and discount: a parameter-tuned particle swarm optimization algorithm},
journal = {The International Journal of Advanced Manufacturing Technology},
volume = {70},
pages = {1739-1756},
year = {2014},
DOI = {https://doi.org/10.1007/s00170-013-5378-y}
}